<?xml version="1.0" encoding="UTF-8"?><collection xmlns="http://www.loc.gov/MARC21/slim"><record><leader>00417nam--2200169-u-4500</leader><controlfield tag="001">000056457</controlfield><controlfield tag="002">20161230</controlfield><controlfield tag="005">20161230201052</controlfield><controlfield tag="008">151021s1000------------r-----000-0-rus-d</controlfield><datafield ind1=" " ind2=" " tag="040"><subfield code="a">IFIN-HH</subfield></datafield><datafield ind1=" " ind2=" " tag="041"><subfield code="a">rus</subfield></datafield><datafield ind1=" " ind2=" " tag="080"><subfield code="a">53.02:537.8</subfield></datafield><datafield ind1="1" ind2=" " tag="110"><subfield code="a">Moskovskogo Universiteta</subfield></datafield><datafield ind1="1" ind2="0" tag="245"><subfield code="a">Matematiceskaia fizika i elektrodinamika</subfield></datafield><datafield ind1=" " ind2=" " tag="260"><subfield code="a">Moskva</subfield><subfield code="b">Moskovskogo Universiteta</subfield><subfield code="c">1973</subfield></datafield><datafield ind1=" " ind2=" " tag="300"><subfield code="a">115P</subfield></datafield><datafield ind1=" " ind2=" " tag="852"><subfield code="a">40265</subfield></datafield></record></collection>